@Misc{WebWork,
  key = "WebWork",
  title = "WebWork",
  note = {\url{http://webwork.maa.org}}
}

@Misc{Piazza,
  key = "Piazza",
  title = "Piazza",
  note = {\url{https://piazza.com}}
}

@Misc{ElkherjFr2013,
  author = 	 {Matthew Elkherj and Yoav Freund},
  title = 	 {Adaptive Hints},
  howpublished = {You-Tube vidoe},
  year = 	 2013,
  note = 	 {\url{http://youtu.be/7KNzBAlh8L0}}}

